
@InBook{Vacovska2016,
	author = {Vacovská, A.},
	title = {Typografie filmových titulků},
	chapter = {Základní informace},
	publisher = {UMPRUM},
	address = {Praha},
	year = {2016},
	edition = {1},
	ISBN = {978-80-87989-16-6},
}

@InBook{Garfield2010,
	author = {Garfield, S.},
	title = {Just My Type: A Book About Fonts},
	chapter = {The Worst Fonts in the World},
	publisher = {Profile Books},
	address = {London},
	year = {2010},
	edition = {1},
	ISBN = {978-1-59240-652-4},
}

@Misc{Pilka2019,
	author = {Pilka, L.},
	title = {Jaký má písmo charakter: Vliv typografie na vnímání zpráv},
	howpublished = {[online]},
	year = {5.3.2019},
	url = {http://surl.li/rbvm},
}

@Misc{Valkova2020,
	author = {Válková, K.},
	title = {Typografický tahák nejen pro grafiky},
	howpublished = {[online]},
	year = {28.5.2020},
	url = {https://www.peckadesign.cz/blog/typograficky-tahak-nejen-pro-grafiky},
}

@Misc{Celevicek2018,
	author = {Čevelíček, M.},
	title = {Jak copywriteři pracují s typografií v obsahu – 3 copywriteři radí},
	howpublished = {[online]},
	year = {19.6.2018},
	url = {http://surl.li/rbvf},
}

@Proceedings{Font2017,
	editor={Bartoš, J.},
	title={Časopisy},
	publisher={KAFKA DESIGN},
	address={Praha},
	year={2017},
	month = {June},
	ISSN = {1855-1473},
	note={č. 156 :: 6/2017},
}

@Article{Young_scientist2020,
	author = {Strelnikova, V.},
	title = {Typography in design},
	journal = {Young scientist},
	volume = {51},
	number = {341},
	pages = {54--55},
	year = {2020},
	ISSN = {2072-0297},
}

@Article{Media_Research2016,
	author = {Armean, O.},
	title = {New Media Typography},
	journal = {Journal of Media Research},
	volume = {9},
	number = {24},
	pages = {28--38},
	year = {2016},
	ISSN = {1844-8887},
}

@MastersThesis{Sirucek2007,
	author = {Sirúček, M.},
	title = {Pravidla české digitální typografie},
	school = {Vysoká škola ekonomická v Praze, Fakulta informatiky a statistiky},
	year = {2007},
	type = {Bakalářská práce},
}

@MastersThesis{Hrones2016,
	author = {Hroneš, J.},
	title = {Úvod do typografie a sazby dokumentu v systému Latex},
	school = {Univerzita Tomáše Bati ve Zlíně, Fakulta aplikované informatiky},
	year = {2016},
	type = {Bakalářská práce},
}